<?xml version="1.0" encoding="UTF-8"?><collection xmlns="http://www.loc.gov/MARC21/slim"><record><leader>00416nam--2200133-i-4500</leader><controlfield tag="001">000001799</controlfield><controlfield tag="002">20161230</controlfield><controlfield tag="005">20161230201024</controlfield><controlfield tag="008">060222s1000------------r-----000-0-eng-d</controlfield><datafield ind1=" " ind2=" " tag="080"><subfield code="a">001.816</subfield></datafield><datafield ind1=" " ind2=" " tag="100"><subfield code="a">Godfrey, J.W., Parr,G</subfield></datafield><datafield ind1=" " ind2=" " tag="245"><subfield code="a">The technical writer.an aid the presentation and production of technical literature. reprinted with revisions</subfield></datafield><datafield ind1=" " ind2=" " tag="260"><subfield code="a">London, Chapman &amp; Hall Ltd., 1960. 340 P</subfield></datafield><datafield ind1=" " ind2=" " tag="852"><subfield code="a">27274</subfield></datafield></record></collection>